<?xml version="1.0" encoding="UTF-8"?><collection xmlns="http://www.loc.gov/MARC21/slim"><record><leader>00559nam--2200181-i-4500</leader><controlfield tag="001">000024713</controlfield><controlfield tag="002">20161230</controlfield><controlfield tag="005">20161230201035</controlfield><controlfield tag="008">060222s1000------------r-----000-0-fre-d</controlfield><datafield ind1=" " ind2=" " tag="040"><subfield code="a">IFIN-HH</subfield></datafield><datafield ind1=" " ind2=" " tag="041"><subfield code="a">fre</subfield></datafield><datafield ind1=" " ind2=" " tag="080"><subfield code="a">535.4(043)</subfield></datafield><datafield ind1="1" ind2=" " tag="100"><subfield code="a">Jacquot, Pierre</subfield></datafield><datafield ind1="1" ind2="0" tag="245"><subfield code="a">Analyse de l`information contenue dans un interferogramme en double exposition: etude de quelques procedes sur des exemples concrets</subfield><subfield code="b">These</subfield><subfield code="c">Pierre jacquot</subfield></datafield><datafield ind1=" " ind2=" " tag="260"><subfield code="a">Besancon</subfield><subfield code="b">Universite</subfield><subfield code="c">1973</subfield></datafield><datafield ind1=" " ind2=" " tag="300"><subfield code="a">89 P.+ FIG</subfield></datafield><datafield ind1=" " ind2=" " tag="852"><subfield code="a">78314</subfield><subfield code="c">535</subfield></datafield><datafield ind1=" " ind2=" " tag="CAT"><subfield code="a">Sys</subfield><subfield code="c">20110126</subfield><subfield code="h">150309</subfield></datafield></record></collection>